@book{rl_intro,
	author = {Richard S. Sutton, Andrew G. Barto},
	year = {2020},
	title = {Reinforcement Learning: An Introduction},
	publisher = {MIT Press},
	address = {Massachusetts},
	edition = {2}
}



@book{latex2e,
	author = {Leslie Lamport},
	year = {1994},
	title = {{\LaTeX}: a Document Preparation System},
	publisher = {Addison Wesley},
	address = {Massachusetts},
	edition = {2}
}


@article{knuth:1984,
	title={Literate Programming},
	author={Donald E. Knuth},
	journal={The Computer Journal},
	volume={27},
	number={2},
	pages={97--111},
	year={1984},
	publisher={Oxford University Press}
}


@article{py_math,
	title = {Python Math Package},
	url = {https://docs.python.org/3/library/math.html},
	author = {Python.org},
	urldate = {2021-11-24}
}
