@article{srivastava_dropout_2014,
	title = {Dropout: A Simple Way to Prevent Neural Networks from Overfitting},
	volume = {15},
	issn = {1533-7928},
	url = {http://jmlr.org/papers/v15/srivastava14a.html},
	shorttitle = {Dropout},
	pages = {1929--1958},
	number = {56},
	journaltitle = {Journal of Machine Learning Research},
	author = {Srivastava, Nitish and Hinton, Geoffrey and Krizhevsky, Alex and Sutskever, Ilya and Salakhutdinov, Ruslan},
	urldate = {2021-04-01},
	date = {2014},
	file = {Full Text PDF:/home/rscholz/Zotero/storage/ZMZ3PV7D/Srivastava et al. - 2014 - Dropout A Simple Way to Prevent Neural Networks f.pdf:application/pdf;Snapshot:/home/rscholz/Zotero/storage/YBWR3Q6N/srivastava14a.html:text/html}
}


@incollection{vaswani_attention_2017,
	title = {Attention is All you Need},
	url = {https://papers.nips.cc/paper/2017/hash/3f5ee243547dee91fbd053c1c4a845aa-Abstract.html},
	pages = {5998--6008},
	booktitle = {Advances in Neural Information Processing Systems 30},
	publisher = {Curran Associates, Inc.},
	author = {Vaswani, Ashish and Shazeer, Noam and Parmar, Niki and Uszkoreit, Jakob and Jones, Llion and Gomez, Aidan N and Kaiser, Łukasz and Polosukhin, Illia},
	editor = {Guyon, I. and Luxburg, U. V. and Bengio, S. and Wallach, H. and Fergus, R. and Vishwanathan, S. and Garnett, R.},
	urldate = {2018-04-09},
	date = {2017},
	file = {NIPS Full Text PDF:/home/rscholz/Zotero/storage/TIQJV4RA/Vaswani et al. - 2017 - Attention is All you Need.pdf:application/pdf;NIPS Snapshort:/home/rscholz/Zotero/storage/DU69C39E/7181-attention-is-all-you-need.html:text/html}
}



@inproceedings{ioffe_batch_2015,
	title = {Batch Normalization: Accelerating Deep Network Training by Reducing Internal Covariate Shift},
	url = {http://proceedings.mlr.press/v37/ioffe15.html},
	shorttitle = {Batch Normalization},
	abstract = {Training Deep Neural Networks is complicated by the fact that the distribution of each layer’s inputs changes during training, as the parameters of the previous layers change. This slows down the t...},
	eventtitle = {International Conference on Machine Learning},
	pages = {448--456},
	booktitle = {International Conference on Machine Learning},
	publisher = {{PMLR}},
	author = {Ioffe, Sergey and Szegedy, Christian},
	urldate = {2021-04-01},
	date = {2015-06-01},
	langid = {english},
	note = {{ISSN}: 1938-7228},
	file = {Full Text PDF:/home/rscholz/Zotero/storage/JIYGGJXW/Ioffe and Szegedy - 2015 - Batch Normalization Accelerating Deep Network Tra.pdf:application/pdf;Snapshot:/home/rscholz/Zotero/storage/Q6RQ5C3U/ioffe15.html:text/html}
}


@inproceedings{krizhevsky_imagenet_2012,
	title = {{ImageNet} Classification with Deep Convolutional Neural Networks},
	volume = {25},
	url = {https://papers.nips.cc/paper/2012/hash/c399862d3b9d6b76c8436e924a68c45b-Abstract.html},
	booktitle = {Advances in Neural Information Processing Systems},
	publisher = {Curran Associates, Inc.},
	author = {Krizhevsky, Alex and Sutskever, Ilya and Hinton, Geoffrey E},
	editor = {Pereira, F. and Burges, C. J. C. and Bottou, L. and Weinberger, K. Q.},
	date = {2012},
	file = {Krizhevsky et al. - 2017 - ImageNet classification with deep convolutional ne.pdf:/home/rscholz/Zotero/storage/SUKZ2QK2/Krizhevsky et al. - 2017 - ImageNet classification with deep convolutional ne.pdf:application/pdf}
}


@inproceedings{he_deep_2016,
	title = {Deep Residual Learning for Image Recognition},
	url = {https://openaccess.thecvf.com/content_cvpr_2016/html/He_Deep_Residual_Learning_CVPR_2016_paper.html},
	eventtitle = {Proceedings of the {IEEE} Conference on Computer Vision and Pattern Recognition},
	pages = {770--778},
	author = {He, Kaiming and Zhang, Xiangyu and Ren, Shaoqing and Sun, Jian},
	urldate = {2021-04-06},
	date = {2016},
	file = {Full Text PDF:/home/rscholz/Zotero/storage/Q8FHEIX8/He et al. - 2016 - Deep Residual Learning for Image Recognition.pdf:application/pdf;Snapshot:/home/rscholz/Zotero/storage/GXNZR9IM/He_Deep_Residual_Learning_CVPR_2016_paper.html:text/html}
}


@inproceedings{goodfellow_generative_2014,
	title = {Generative adversarial nets},
	url = {http://papers.nips.cc/paper/5423-generative-adversarial-nets},
	pages = {2672--2680},
	booktitle = {Advances in neural information processing systems},
	author = {Goodfellow, Ian and Pouget-Abadie, Jean and Mirza, Mehdi and Xu, Bing and Warde-Farley, David and Ozair, Sherjil and Courville, Aaron and Bengio, Yoshua},
	urldate = {2017-08-22},
	date = {2014},
	file = {[PDF] nips.cc:/home/rscholz/Zotero/storage/BNXA3FSS/Goodfellow et al. - 2014 - Generative adversarial nets.pdf:application/pdf;Snapshot:/home/rscholz/Zotero/storage/EJF24J2E/5423-generative-adversarial-nets.html:text/html}
}


@article{blei_latent_2003,
	title = {Latent Dirichlet Allocation},
	volume = {3},
	url = {http://www.jmlr.org/papers/v3/blei03a.html},
	pages = {993--1022},
	issue = {Jan},
	journaltitle = {The Journal of Machine Learning Research},
	author = {Blei, David M. and Ng, Andrew Y. and Jordan, Michael I.},
	urldate = {2016-09-20},
	date = {2003},
	file = {[PDF] jmlr.org:/home/rscholz/Zotero/storage/PPMU7PQK/Blei et al. - 2003 - Latent dirichlet allocation.pdf:application/pdf;BleiNgJordan2003.pdf:/home/rscholz/Zotero/storage/KXTQBR2D/BleiNgJordan2003.pdf:application/pdf;Google Scholar Linked Page:/home/rscholz/Zotero/storage/JXRU8WZP/citation.html:text/html;Snapshot:/home/rscholz/Zotero/storage/MV2BUKAN/blei03a.html:text/html}
}


@inproceedings{glorot_deep_2011,
	title = {Deep Sparse Rectifier Neural Networks},
	url = {http://proceedings.mlr.press/v15/glorot11a.html},
	abstract = {While logistic sigmoid neurons are more biologically plausible than hyperbolic tangent neurons, the latter work better for training multi-layer neural networks. This paper shows that rectifying neu...},
	pages = {315--323},
	booktitle = {Proceedings of the Fourteenth International Conference on Artificial Intelligence and Statistics},
	publisher = {{JMLR} Workshop and Conference Proceedings},
	author = {Glorot, Xavier and Bordes, Antoine and Bengio, Yoshua},
	urldate = {2021-04-01},
	date = {2011-06-14},
	langid = {english},
	note = {{ISSN}: 1938-7228},
	file = {Full Text PDF:/home/rscholz/Zotero/storage/AD9BZ5AQ/Glorot et al. - 2011 - Deep Sparse Rectifier Neural Networks.pdf:application/pdf;Snapshot:/home/rscholz/Zotero/storage/BSA9YQDZ/glorot11a.html:text/html}
}


@inproceedings{kingma_adam_2015,
	title = {Adam: A Method for Stochastic Optimization},
	url = {https://openreview.net/forum?id=8gmWwjFyLj},
	shorttitle = {Adam},
	abstract = {We introduce Adam, an algorithm for first-order gradient-based optimization of stochastic objective functions, based on adaptive estimates of lower-order moments. The method is straightforward to...},
	eventtitle = {{ICLR} (Poster)},
	author = {Kingma, Diederik P. and Ba, Jimmy},
	urldate = {2021-04-01},
	date = {2015-01-01},
	langid = {english},
	file = {Snapshot:/home/rscholz/Zotero/storage/28ZWBKFN/forum.html:text/html}
}




@inproceedings{chen_xgboost_2016,
	location = {New York, {NY}, {USA}},
	title = {{XGBoost}: A Scalable Tree Boosting System},
	isbn = {978-1-4503-4232-2},
	url = {https://doi.org/10.1145/2939672.2939785},
	doi = {10.1145/2939672.2939785},
	series = {{KDD} '16},
	shorttitle = {{XGBoost}},
	abstract = {Tree boosting is a highly effective and widely used machine learning method. In this paper, we describe a scalable end-to-end tree boosting system called {XGBoost}, which is used widely by data scientists to achieve state-of-the-art results on many machine learning challenges. We propose a novel sparsity-aware algorithm for sparse data and weighted quantile sketch for approximate tree learning. More importantly, we provide insights on cache access patterns, data compression and sharding to build a scalable tree boosting system. By combining these insights, {XGBoost} scales beyond billions of examples using far fewer resources than existing systems.},
	pages = {785--794},
	booktitle = {Proceedings of the 22nd {ACM} {SIGKDD} International Conference on Knowledge Discovery and Data Mining},
	publisher = {Association for Computing Machinery},
	author = {Chen, Tianqi and Guestrin, Carlos},
	urldate = {2021-04-01},
	date = {2016-08-13},
	keywords = {large-scale machine learning},
	file = {Full Text PDF:/home/rscholz/Zotero/storage/3IQ4H53V/Chen and Guestrin - 2016 - XGBoost A Scalable Tree Boosting System.pdf:application/pdf}
}